{
  "session_id": "9356c84f",
  "updated_at": "2025-11-28T02:09:30.672719",
  "messages": [
    {
      "role": "user",
      "query": "What are the top 10 products by revenue?",
      "timestamp": "2025-11-28T02:09:08.758250"
    },
    {
      "role": "assistant",
      "answer": "As a marketing executive consultant, I’ve analyzed the revenue performance across product categories to identify key opportunities for growth and optimization. The data reveals the top 10 product categories by revenue, presented in a bar chart titled \"Revenue by Category,\" with total revenue in Brazilian Real (BRL).\n\nLeading the pack is **Health & Beauty**, generating an impressive BRL 1,258,681.34 from 8,836 orders, with an average ticket of BRL 130.16. Close behind is **Watches & Gifts**, with BRL 1,205,005.68 in revenue from 5,624 orders and a higher average ticket of BRL 201.14, indicating strong per-purchase value. **Bed, Bath & Table** ranks third with BRL 1,036,988.68 across 9,417 orders—the highest order volume in the top 10—though its average ticket is lower at BRL 93.30. **Sports & Leisure** and **Computers & Accessories** follow, contributing BRL 988,048.97 and BRL 911,954.32, respectively, with solid order volumes and average tickets around BRL 114-116.\n\nRounding out the top 10 are **Furniture & Decor** (BRL 729,762.49), **Cool Stuff** (BRL 635,290.85), **Housewares** (BRL 632,248.66), **Auto** (BRL 592,720.11), and **Garden Tools** (BRL 485,256.46). Notably, categories like Watches & Gifts, Cool Stuff, and Auto show higher average tickets (BRL 139.96 to 201.14), suggesting premium positioning or higher-value purchases, despite lower order volumes compared to categories like Bed, Bath & Table.\n\n**Recommendation**: Focus marketing efforts on **Health & Beauty** and **Watches & Gifts** to capitalize on their high revenue and strong customer appeal. For Health & Beauty, increase order volume through targeted campaigns or loyalty programs, as it already shows robust demand. For Watches & Gifts, leverage the high average ticket by upselling complementary products or offering bundled deals during gifting seasons. Additionally, explore strategies to boost order volumes in high-ticket categories like Cool Stuff and Auto through promotions or partnerships, as their revenue potential per sale is significant. Finally, analyze the high order volume of Bed, Bath & Table to identify cross-selling opportunities that could elevate its average ticket closer to competitors like Sports & Leisure. This multi-pronged approach will maximize revenue across both high-volume and high-value categories.",
      "agents_used": [
        "sales"
      ],
      "execution_time": 0.68,
      "cost": 0.0,
      "sources": [],
      "chart_data": {
        "chart_type": "bar",
        "chart_title": "Revenue by Category",
        "x_field": "product_category_name_english",
        "y_field": "total_revenue",
        "data": [
          {
            "product_category_name_english": "health_beauty",
            "total_revenue": 1258681.34,
            "avg_ticket": 130.16,
            "orders": 8836
          },
          {
            "product_category_name_english": "watches_gifts",
            "total_revenue": 1205005.68,
            "avg_ticket": 201.14,
            "orders": 5624
          },
          {
            "product_category_name_english": "bed_bath_table",
            "total_revenue": 1036988.68,
            "avg_ticket": 93.3,
            "orders": 9417
          },
          {
            "product_category_name_english": "sports_leisure",
            "total_revenue": 988048.97,
            "avg_ticket": 114.34,
            "orders": 7720
          },
          {
            "product_category_name_english": "computers_accessories",
            "total_revenue": 911954.32,
            "avg_ticket": 116.51,
            "orders": 6689
          },
          {
            "product_category_name_english": "furniture_decor",
            "total_revenue": 729762.49,
            "avg_ticket": 87.56,
            "orders": 6449
          },
          {
            "product_category_name_english": "cool_stuff",
            "total_revenue": 635290.85,
            "avg_ticket": 167.36,
            "orders": 3632
          },
          {
            "product_category_name_english": "housewares",
            "total_revenue": 632248.66,
            "avg_ticket": 90.79,
            "orders": 5884
          },
          {
            "product_category_name_english": "auto",
            "total_revenue": 592720.11,
            "avg_ticket": 139.96,
            "orders": 3897
          },
          {
            "product_category_name_english": "garden_tools",
            "total_revenue": 485256.46,
            "avg_ticket": 111.63,
            "orders": 3518
          }
        ]
      },
      "timestamp": "2025-11-28T02:09:12.050119",
      "suggestions": [
        "How does this compare to last quarter?",
        "What's driving this trend?",
        "Show me the top performing regions"
      ],
      "confidence": 0.7959231025719647
    },
    {
      "role": "user",
      "query": "What's driving this trend?",
      "timestamp": "2025-11-28T02:09:28.065666"
    },
    {
      "role": "assistant",
      "answer": "As a marketing executive consultant, I’ve analyzed the provided data to address the question, \"What's driving this trend?\" in the context of the monthly revenue trend from September 2016 to September 2018. Let’s break this down into a clear narrative with actionable insights and a recommendation.\n\nThe data reveals a remarkable upward trajectory in revenue over the two-year period, starting from a modest BRL 267.36 in September 2016 with just 3 orders, to a peak of BRL 1,010,271.37 in November 2017 with 7,451 orders. While there are fluctuations, particularly a sharp drop in September 2018 to BRL 145.00 with only 1 order (likely an anomaly or data gap), the overall trend shows consistent growth in both revenue and order volume. Notably, revenue surged dramatically from October 2016 (BRL 49,507.66) to May 2017 (BRL 506,071.14), reflecting a rapid scaling of business activity. Post-2017, revenue stabilized at high levels, frequently exceeding BRL 800,000 per month in 2018, with order counts consistently above 6,000.\n\nWhat’s driving this trend? The parallel increase in orders and revenue suggests strong customer acquisition and growing demand. The significant jump in late 2016 to early 2017 likely indicates effective marketing campaigns, product launches, or market expansion during that period. Seasonal peaks, such as the spike in November 2017, point to holiday shopping trends or targeted promotions. The sustained high performance in 2018 reflects customer retention and possibly an expanded product or service offering, though the lack of sentiment or forecast data limits deeper insights into customer satisfaction or future projections.\n\n**Recommendation:** Capitalize on this growth by identifying and replicating the strategies that drove the initial surge in 2016-2017, such as specific campaigns or partnerships. Additionally, investigate the September 2018 anomaly to ensure data accuracy or address potential operational issues. Finally, invest in customer sentiment analysis and forecasting tools to better understand satisfaction levels and predict future trends. This will help sustain momentum and refine marketing efforts for seasonal peaks, ensuring long-term profitability.",
      "agents_used": [
        "sales"
      ],
      "execution_time": 0.05,
      "cost": 0.0,
      "sources": [],
      "chart_data": {
        "chart_type": "line",
        "chart_title": "Monthly Revenue Trend",
        "x_field": "month",
        "y_field": "total_revenue",
        "data": [
          {
            "month": "2016-09",
            "total_revenue": 267.36,
            "orders": 3
          },
          {
            "month": "2016-10",
            "total_revenue": 49507.66,
            "orders": 308
          },
          {
            "month": "2016-12",
            "total_revenue": 10.9,
            "orders": 1
          },
          {
            "month": "2017-01",
            "total_revenue": 120312.87,
            "orders": 789
          },
          {
            "month": "2017-02",
            "total_revenue": 247303.02,
            "orders": 1733
          },
          {
            "month": "2017-03",
            "total_revenue": 374344.3,
            "orders": 2641
          },
          {
            "month": "2017-04",
            "total_revenue": 359927.23,
            "orders": 2391
          },
          {
            "month": "2017-05",
            "total_revenue": 506071.14,
            "orders": 3660
          },
          {
            "month": "2017-06",
            "total_revenue": 433038.6,
            "orders": 3217
          },
          {
            "month": "2017-07",
            "total_revenue": 498031.48,
            "orders": 3969
          },
          {
            "month": "2017-08",
            "total_revenue": 573971.68,
            "orders": 4293
          },
          {
            "month": "2017-09",
            "total_revenue": 624401.69,
            "orders": 4243
          },
          {
            "month": "2017-10",
            "total_revenue": 664219.43,
            "orders": 4568
          },
          {
            "month": "2017-11",
            "total_revenue": 1010271.37,
            "orders": 7451
          },
          {
            "month": "2017-12",
            "total_revenue": 743914.17,
            "orders": 5624
          },
          {
            "month": "2018-01",
            "total_revenue": 950030.36,
            "orders": 7220
          },
          {
            "month": "2018-02",
            "total_revenue": 844178.71,
            "orders": 6694
          },
          {
            "month": "2018-03",
            "total_revenue": 983213.44,
            "orders": 7188
          },
          {
            "month": "2018-04",
            "total_revenue": 996647.75,
            "orders": 6934
          },
          {
            "month": "2018-05",
            "total_revenue": 996517.68,
            "orders": 6853
          },
          {
            "month": "2018-06",
            "total_revenue": 865124.31,
            "orders": 6160
          },
          {
            "month": "2018-07",
            "total_revenue": 895507.22,
            "orders": 6273
          },
          {
            "month": "2018-08",
            "total_revenue": 854686.33,
            "orders": 6452
          },
          {
            "month": "2018-09",
            "total_revenue": 145.0,
            "orders": 1
          }
        ]
      },
      "timestamp": "2025-11-28T02:09:30.672719",
      "suggestions": [
        "What factors influence this prediction?",
        "Show historical accuracy of forecasts",
        "What if we increase marketing spend?"
      ],
      "confidence": 0.8123171936803185
    }
  ]
}