{
  "session_id": "9e0961d7",
  "updated_at": "2025-11-28T00:30:49.348255",
  "messages": [
    {
      "role": "user",
      "query": "Forecast next month's revenue",
      "timestamp": "2025-11-28T00:29:57.344400"
    },
    {
      "role": "assistant",
      "answer": "As a marketing executive consultant, I’ve analyzed the provided revenue data to forecast next month’s performance for all categories using a 3-month moving average method. The historical data reveals a concerning trend: revenue dropped significantly from BRL 895,507.22 in July 2018 (with 6,273 orders) to BRL 854,686.33 in August (6,452 orders), and plummeted to a mere BRL 145.00 in September (just 1 order). This sharp decline in September signals potential issues—possibly seasonal, operational, or market-driven—that warrant immediate investigation.\n\nBased on the moving average forecast, revenue for October 2018 is projected at BRL 583,446.18 with an estimated 4,242 orders. While this indicates a recovery from September’s anomaly, it still falls below the levels seen in July and August, suggesting that underlying challenges may persist.\n\n**Recommendation:** I strongly advise conducting a root cause analysis of September’s drastic revenue drop to identify whether it stems from external factors (e.g., market shifts or seasonality) or internal issues (e.g., inventory, pricing, or customer engagement). Simultaneously, implement targeted marketing campaigns to boost customer acquisition and retention ahead of October, focusing on high-performing segments from July and August. Additionally, consider scenario planning with more conservative and optimistic forecasts to prepare for volatility. Let’s reconvene with sales and operations teams to align on actionable next steps and monitor early October performance closely.",
      "agents_used": [
        "forecast"
      ],
      "execution_time": 11.99,
      "cost": 0.0002,
      "sources": [],
      "chart_data": {
        "chart_type": "line",
        "chart_title": "Revenue Forecast (All Categories)",
        "x_field": "period",
        "y_field": "revenue",
        "data": [
          {
            "period": "2018-07",
            "revenue": 895507.22,
            "type": "historical"
          },
          {
            "period": "2018-08",
            "revenue": 854686.33,
            "type": "historical"
          },
          {
            "period": "2018-09",
            "revenue": 145.0,
            "type": "historical"
          },
          {
            "period": "2018-10",
            "revenue": 583446.18,
            "type": "forecast"
          }
        ]
      },
      "timestamp": "2025-11-28T00:30:11.790588",
      "suggestions": [
        "How does this compare to last quarter?",
        "What's driving this trend?",
        "Show me the top performing regions"
      ]
    },
    {
      "role": "user",
      "query": "What's driving this trend?",
      "timestamp": "2025-11-28T00:30:31.606116"
    },
    {
      "role": "assistant",
      "answer": "As a marketing executive consultant, I’ve analyzed the provided data to address the question, \"What's driving this trend?\" in the context of the monthly revenue trend from September 2016 to September 2018. Let’s break this down into a clear narrative with actionable insights and a recommendation.\n\nThe data reveals a remarkable upward trajectory in revenue over the two-year period, starting from a modest BRL 267.36 in September 2016 with just 3 orders, to a peak of BRL 1,010,271.37 in November 2017 with 7,451 orders. While there are fluctuations, particularly a sharp drop in September 2018 to BRL 145.00 with only 1 order (likely an anomaly or data gap), the overall trend shows consistent growth in both revenue and order volume. Notably, revenue surged dramatically from October 2016 (BRL 49,507.66) to May 2017 (BRL 506,071.14), reflecting a rapid scaling of business activity. Post-2017, revenue stabilized at high levels, frequently exceeding BRL 800,000 per month in 2018, with order counts consistently above 6,000.\n\nWhat’s driving this trend? The parallel increase in orders and revenue suggests strong customer acquisition and growing demand. The significant jump in late 2016 to early 2017 likely indicates effective marketing campaigns, product launches, or market expansion during that period. Seasonal peaks, such as the spike in November 2017, point to holiday shopping trends or targeted promotions. The sustained high performance in 2018 reflects customer retention and possibly an expanded product or service offering, though the lack of sentiment or forecast data limits deeper insights into customer satisfaction or future projections.\n\n**Recommendation:** Capitalize on this growth by identifying and replicating the strategies that drove the initial surge in 2016-2017, such as specific campaigns or partnerships. Additionally, investigate the September 2018 anomaly to ensure data accuracy or address potential operational issues. Finally, invest in customer sentiment analysis and forecasting tools to better understand satisfaction levels and predict future trends. This will help sustain momentum and refine marketing efforts for seasonal peaks, ensuring long-term profitability.",
      "agents_used": [
        "sales"
      ],
      "execution_time": 15.15,
      "cost": 0.0004,
      "sources": [],
      "chart_data": {
        "chart_type": "line",
        "chart_title": "Monthly Revenue Trend",
        "x_field": "month",
        "y_field": "total_revenue",
        "data": [
          {
            "month": "2016-09",
            "total_revenue": 267.36,
            "orders": 3
          },
          {
            "month": "2016-10",
            "total_revenue": 49507.66,
            "orders": 308
          },
          {
            "month": "2016-12",
            "total_revenue": 10.9,
            "orders": 1
          },
          {
            "month": "2017-01",
            "total_revenue": 120312.87,
            "orders": 789
          },
          {
            "month": "2017-02",
            "total_revenue": 247303.02,
            "orders": 1733
          },
          {
            "month": "2017-03",
            "total_revenue": 374344.3,
            "orders": 2641
          },
          {
            "month": "2017-04",
            "total_revenue": 359927.23,
            "orders": 2391
          },
          {
            "month": "2017-05",
            "total_revenue": 506071.14,
            "orders": 3660
          },
          {
            "month": "2017-06",
            "total_revenue": 433038.6,
            "orders": 3217
          },
          {
            "month": "2017-07",
            "total_revenue": 498031.48,
            "orders": 3969
          },
          {
            "month": "2017-08",
            "total_revenue": 573971.68,
            "orders": 4293
          },
          {
            "month": "2017-09",
            "total_revenue": 624401.69,
            "orders": 4243
          },
          {
            "month": "2017-10",
            "total_revenue": 664219.43,
            "orders": 4568
          },
          {
            "month": "2017-11",
            "total_revenue": 1010271.37,
            "orders": 7451
          },
          {
            "month": "2017-12",
            "total_revenue": 743914.17,
            "orders": 5624
          },
          {
            "month": "2018-01",
            "total_revenue": 950030.36,
            "orders": 7220
          },
          {
            "month": "2018-02",
            "total_revenue": 844178.71,
            "orders": 6694
          },
          {
            "month": "2018-03",
            "total_revenue": 983213.44,
            "orders": 7188
          },
          {
            "month": "2018-04",
            "total_revenue": 996647.75,
            "orders": 6934
          },
          {
            "month": "2018-05",
            "total_revenue": 996517.68,
            "orders": 6853
          },
          {
            "month": "2018-06",
            "total_revenue": 865124.31,
            "orders": 6160
          },
          {
            "month": "2018-07",
            "total_revenue": 895507.22,
            "orders": 6273
          },
          {
            "month": "2018-08",
            "total_revenue": 854686.33,
            "orders": 6452
          },
          {
            "month": "2018-09",
            "total_revenue": 145.0,
            "orders": 1
          }
        ]
      },
      "timestamp": "2025-11-28T00:30:49.348255",
      "suggestions": [
        "What factors influence this prediction?",
        "Show historical accuracy of forecasts",
        "What if we increase marketing spend?"
      ]
    }
  ]
}